@phdthesis{Dissertation,
  title   = {Grundlagen für eine allgemeine Theorie
             der Functionen einer veränderlichen complexen Grösse},
  author  = {Bernhard Riemann},
  year    = 1851,
  address = {Göttingen, Germany},
  type    = {Inauguraldissertation}
}

@book{MathEncyclopedia,
  title     = {Математики. Механики: Биографический справочник.},
  author    = {Алексей Николаевич Боголюбов},
  year      = 1983,
  address   = {Киев},
  publisher = {Наукова думка},
  pages     = {411--412}
}

@thesis{Hypothesis,
  title     = {Ueber die Anzahl der Primzahlen unter einer gegebenen Grösse},
  author    = {Bernhard Riemann},
  year      = 1859,
  publisher = {Monatsberichte der Berliner Akademie}
}

@book{Essays,
  title      = {Сочинения},
  author     = {Бернхард Риман},
  translator = {Гончаров Василий Леонидович},
  year       = 1948,
  publisher  = {ОГИЗ ГИТТЛ},
  address    = {Москва и Ленинград}
}

@article{Contrasts,
  title     = {Studies in the history of complex function theory. II: Interactions among the French school, Riemann, and Weierstrass},
  author    = {Eduard Neuenschwander},
  year      = 1981,
  publisher = {American Mathematical Society},
  doi       = {10.1090/S0273-0979-1981-14923-5},
  volume    = {5},
  number    = {2}
}

@book{Klein,
  title   = {Ueber Riemann's Theorie der Algebraischen Functionen und ihrer Integrale},
  author  = {Felix Klein},
  year    = 1882,
  address = {Leipzig}
}

@article{Yushkevich,
  author  = {Адольф Павлович Юшкевич},
  journal = {УМН},
  number  = {2},
  title   = {Новые издания классиков математики},
  volume  = {4},
  year    = {1949},
  pages   = {220--221}
}

@book{GaussMappings,
  title  = {Allgemeine Auflösung der Aufgabe: die Theile einer gegebnen Fläche auf einer andern gegenen Fläche so abzubilden, dass die Abbildung dem Abgebildeten in den kleinsten Theilen ähnlich ist},
  author = {Carl Friedrich Gauss},
  year   = 1825
}

@book{Gauss,
  title     = {Disquisitiones generales circa superficies curvas},
  author    = {Carl Friedrich Gauss},
  year      = 1828,
  publisher = {Typis Dieterichianis}
}
